<record><leader>00000cas a22000007a 4500</leader><controlfield tag="001">15125056</controlfield><controlfield tag="008">870128d19021924inudn ne      0    0eng d</controlfield><datafield ind1=" " ind2=" " tag="010"><subfield code="a">sn 87055390 </subfield></datafield><datafield ind1=" " ind2=" " tag="040"><subfield code="a">NPI</subfield><subfield code="b">eng</subfield><subfield code="c">NPI</subfield><subfield code="d">OCLCQ</subfield></datafield><datafield ind1=" " ind2=" " tag="042"><subfield code="a">msc</subfield></datafield><datafield ind1="0" ind2="0" tag="245"><subfield code="a">Lebanon daily reporter.</subfield></datafield><datafield ind1=" " ind2=" " tag="260"><subfield code="a">Lebanon, Ind. :</subfield><subfield code="b">Adam H. Felker,</subfield><subfield code="c">1902-1924.</subfield></datafield><datafield ind1=" " ind2=" " tag="300"><subfield code="a">23 v. :</subfield><subfield code="b">ill.</subfield></datafield><datafield ind1=" " ind2=" " tag="310"><subfield code="a">Daily (except Sun.)</subfield></datafield><datafield ind1="0" ind2=" " tag="362"><subfield code="a">10th year, no. 40 (Nov. 14, 1902)-v. 32, no. 91 (Mar. 19, 1924).</subfield></datafield><datafield ind1=" " ind2=" " tag="752"><subfield code="a">United States</subfield><subfield code="b">Indiana</subfield><subfield code="c">Boone</subfield><subfield code="d">Lebanon.</subfield></datafield><datafield ind1="0" ind2="0" tag="780"><subfield code="t">Daily reporter (Lebanon, Ind.)</subfield><subfield code="w">(DLC)sn 87055374</subfield></datafield><datafield ind1="0" ind2="0" tag="785"><subfield code="t">Lebanon reporter</subfield><subfield code="w">(DLC)sn 86063062</subfield><subfield code="w">(OCoLC)13105168</subfield></datafield><datafield ind1="1" ind2=" " tag="029"><subfield code="a">AU@</subfield><subfield code="b">000020457546</subfield></datafield></record>